@Article{Kamo00,
title = "Computational complexity of fractal sets",
author = "Kamo, Hiroyasu and Kawamura, Kiko and Takeuti, Izumi",
journal = "Real Analysis Exchange",
volume = 26,
number = 2,
pages = "773--794",
year = 2000,
}

@PhDThesis{藤田12,
author = "藤田 恵",
title = "{BDI}モデルに基づく自律エージェントの行動決定アルゴリズムの拡張および応用",
type = "博士論文",
school = "奈良女子大学大学院人間文化研究科",
year = 2012,
}
