% Book Page
@book{鈴木努,
author = "鈴木 努",
title = "Rで学ぶネットワーク分析",
publisher = "共立出版",
year = 2009,
}

@book{清水昌平,
author = "清水 昌平",
title = "統計的因果探索",
publisher = "講談社",
year = 2017,
}

@book{平井有三,
author = "平井 有三",
title = "はじめてのパターン認識",
publisher = "森北出版",
year = 2012,
}

@book{Jアルバート,
author = "J. Albert",
title = "Rで学ぶベイズ統計学入門",
publisher = "シュプリンガー・ジャパン",
year = 2010,
}

@book{Nagarajan,
author = "Radharkrishnan Nagarajan and Marco Scutari and Sophie Lebre",
title = "Bayesian Networks in R",
publisher = "Springer",
year = 2013,
}

@book{Bishop1,
author = "C.M. Bishop",
title = "パターン認識と機械学習　上",
publisher = "シュプリンガー・ジャパン",
year = 2007,
}

@book{Bishop2,
author = "C.M. Bishop",
title = "パターン認識と機械学習　下",
publisher = "シュプリンガー・ジャパン",
year = 2007,
}

%論文
@Article{Friedman,
title = "Bayesian Network Classifiers",
author = "N.Friedman and D.Geniger and M.Goldszmidt",
journal = "Machine Learning",
volume = 29,
pages = "131--163",
year = 1997,
}

@Article{Jing,
title = "Boosted Bayesian network classifiers",
author = "Y. Jing and V. Pavlovic and J. M. Rehg",
journal = "Machine Learning",
volume = 73,
number = 2,
pages = "155--184",
year = 2008,
}

@Article{Natarajan,
title = "Gradient-based boosting for statistical relational learning: The relational dependency network case",
author = "S. Natarajan and T. Khot and K Kersting",
journal = "Machine Learning",
volume = 86,
number = 1,
year = 2012,
}

@Article{Koren,
title = "Matrix Factorization Techniques for Recommender Systems",
author = "Y. Koren and R. Bell and C. Volinsky",
journal = "Computer",
volume = 42,
number = 8,
year = 2009,
}

@Article{SKM,
title = "Spherical k-Means Clustering",
author = "K. Hornik and I. Feinerer and M. Kober and C. Buchta",
journal = "Journal of Statistical Software",
volume = 50,
number = 10,
pages = "1--22",
year = 2012,
}

@Article{GPN,
title = "The General Projected Normal Distribution of Arbitrary Dimension: Modeling and Bayesian Inference",
author = "D.Hernandez-Stumpfhauser and F. Jay Breidt and Mark J. van der Woerd",
journal =  "Journal of Bayesian Analysis",
volume =12,
number = 1,
pages = "113-133",
year = 2017,
}

@Article{PN,
title = "A Bayesian Analysis of Directional Data using the Projected Normal Distribution",
author = "Gabriel Nunez-Antonio and Eduardo Gutierrez-Pena",
journal = "Journal of Applied Statistics",
volume = 32,
number  = 10,
pages = "995-1001",
year = 2005,
}

@Article{mvonMF,
title = "Bayesian Estimation of the von-Mises Fisher Mixture Model with Variational Inference ",
author = "Jalil Taghia and Zhanyu Ma and Arne Leijon",
journal = "IEEE",
volume = 36,
number  = 9,
pages = "1701 - 1715",
year = 2014,
}

@InProceedings{Li,
title = "Generalized Additive Bayesian Network Classifiers",
author = "J. Li and C. Zhang and T. Wang and Y. Zhang",
booktitle = "Proc. of IJCAI 2007",
pages = "913--918",
year = 2007,
}

@InProceedings{Ono,
title = "A Context-Aware Movie Preference Model Using a Bayesian Network for Recommendation and Promotion",
author = "Chihiro Ono and Mori Kurokawa and Yoichi Motomura and Hideki Asoh",
booktitle = "Proc. of UM 2007",
pages = "247--257",
year = 2007,
}

@InProceedings{Gopal2014VonMC,
title= "Von Mises-Fisher Clustering Models",
author= "Siddharth Gopal and Yiming Yang",
booktitle="ICML",
year=2014,
}

@Article{福重,
title = "対応分析とベイジアンネットワークを用いた文書分類",
author = "福重 貴雄 and 菅野 祐司",
journal = "情報処理学会研究報告情報学基礎",
volume = 2003,
number = 51,
pages = "167--174",
year = 2003,
}

% 修士論文
@Mastersthesis{MixtureVonMises,
title = "混合 von Mises-Fisher 分布に対する変分法的ベイズ推定",
author = "田邉昭博",
school = "奈良先端科学技術大学院大学",
year = 2004,
 }

% エントロピーや相互情報量についての論文
@PhDThesis{Meyer,
title = "Information-Theoretic Variable Selection and Network Inference from Microarray Data",
author =  "Patrick Emmanuel Meyer",
school = "Universite libre de Bruxelles",
year = 2008,
}

%webpage
@Misc{MovieLens,
title = "{MovieLens}",
howpublished = "\url{http://movielens.org/}",
}
