% Book Page
@book{鈴木努,
author = "鈴木 努",
title = "Rで学ぶネットワーク分析",
publisher = "共立出版",
year = 2009,
}

@book{清水昌平,
author = "清水 昌平",
title = "統計的因果探索",
publisher = "講談社",
year = 2017,
}

@book{平井有三,
author = "平井 有三",
title = "はじめてのパターン認識",
publisher = "森北出版",
year = 2012,
}

@book{Jアルバート,
author = "J. Albert",
title = "Rで学ぶベイズ統計学入門",
publisher = "シュプリンガー・ジャパン",
year = 2010,
}

@book{Nagarajan,
author = "Radharkrishnan Nagarajan and Marco Scutari and Sophie Lebre",
title = "Bayesian Networks in R",
publisher = "Springer",
year = 2013,
}

@book{Bishop1,
author = "C.M. Bishop",
title = "パターン認識と機械学習　上",
publisher = "シュプリンガー・ジャパン",
year = 2007,
}

@book{Bishop2,
author = "C.M. Bishop",
title = "パターン認識と機械学習　下",
publisher = "シュプリンガー・ジャパン",
year = 2007,
}

%論文
@Article{Friedman,
title = "Bayesian Network Classifiers",
author = "N.Friedman and D.Geniger and M.Goldszmidt",
journal = "Machine Learning",
volume = 29,
pages = "131--163",
year = 1997,
}

@Article{Jing,
title = "Boosted Bayesian network classifiers",
author = "Y. Jing and V. Pavlovic and J. M. Rehg",
journal = "Machine Learning",
volume = 73,
number = 2,
pages = "155--184",
year = 2008,
}

@Article{Natarajan,
title = "Gradient-based boosting for statistical relational learning: The relational dependency network case",
author = "S. Natarajan and T. Khot and K Kersting",
journal = "Machine Learning",
volume = 86,
number = 1,
year = 2012,
}

@Article{Koren,
title = "Matrix Factorization Techniques for Recommender Systems",
author = "Y. Koren and R. Bell and C. Volinsky",
journal = "Computer",
volume = 42,
number = 8,
year = 2009,
}

@incollection{HMC,
title = {{MCMC} using {H}amiltonian dynamics},
author = {Neal, R. M.},
booktitle =  "Handbook of Markov Chain Monte Carlo",
year = 2011,
%Chapter = 5,
}
@Article{NUTS,
title = {The no-{U}-turn sampler: Adaptively setting path lengths in {H}amiltonian {M}onte {C}arlo},
author = {Hoffman, M., and Gelman, A.},
journal =  "Journal of Machine Learning Research",
year = 2014,
}

@Article{SGPN,
title = "Supple- mentary Material of The General Projected Normal Distribution of Arbitrary Dimension: Modeling and Bayesian Inference",
author = {Hernandez-Stumpfhauser, D. and Breidt, F. J.  and van der Woerd, M. J.},
journal =  "Bayesian Analysis",
year = 2016,
}


@Article{SKMcluster,
title = "Concept {D}ecompositions for {L}arge {S}parse {T}ext {D}ata {U}sing {C}lustering",
author = {Dhillon, S. and Modha, S.,},
journal =  "Machine Learning",
volume = 42,
pages = "143-175",
year = 2001,
}

@Article{tSNE,
title = "Visualizing data using t-{SNE}",
author = {Maaten, L. and Hinton, G.},
journal =  "Journal of Machine Learning Research",
volume = 9,
pages = "2431-2456",
year = 2008,
}

@Article{SKM,
title = "Spherical k-{M}eans {C}lustering",
author = {Hornik, K. and Feinerer, I. and Kober, M. and Buchta, C.},
journal = "Journal of Statistical Software",
volume = 50,
number = 10,
pages = "1--22",
year = 2012,
}

@Article{PML,
title = "Projected multivariate linear models for directional data",
author = {Presnell, B. and Morrison, S. P. and Littell, R. C.},
journal =  "Journal of the American Statistical Association",
volume = 443,
pages = "1068-1077",
year = 1998,
}

@Article{GPN,
title = "The {G}eneral {P}rojected {N}ormal {D}istribution of {A}rbitrary {D}imension: {M}odeling and {B}ayesian {I}nference",
author = {Hernandez-Stumpfhauser, D. and Breidt, F. J.  and van der Woerd, M. J.},
journal =  "Journal of Bayesian Analysis",
volume =12,
number = 1,
pages = "113-133",
year = 2017,
}
@Article{PN1,
title = "Directional data analysis under the general projected normal distribution",
author = {Wang, F. and Gelfand, A. E.},
journal =  "Statistical Methodology",
volume =10,
number = 1,
pages = "113-127",
year = 2013,
}

@Article{PN2,
title = "A {B}}ayesian {A}nalysis of {D}irectional {D}ata using the {P}rojected {N}ormal {D}istribution",
author = "Gabriel Nunez-Antonio and Eduardo Gutierrez-Pena",
journal = "Journal of Applied Statistics",
volume = 32,
number  = 10,
pages = "995-1001",
year = 2005,
}

@Article{mvonMF,
title = "Bayesian {E}stimation of the von-{M}ises {F}isher {M}ixture {M}odel with {V}ariational {I}nference ",
author = "Jalil Taghia and Zhanyu Ma and Arne Leijon",
journal = "IEEE",
volume = 36,
number  = 9,
pages = "1701 - 1715",
year = 2014,
}
@Article{WAIC,
title = "Asymptotic {E}quivalence of {B}ayes {C}ross {V}alidation and {W}idely {A}pplicable {I}nformation {C}riterion in {S}ingular {L}earning {T}heory",
author = "Sumio. Watanabe",
journal = "Journal of Machine Learning Research",
volume = 11,
pages = "3571 - 3594",
year = 2010s,
}
@InProceedings{Li,
title = "Generalized Additive Bayesian Network Classifiers",
author = "J. Li and C. Zhang and T. Wang and Y. Zhang",
booktitle = "Proc. of IJCAI 2007",
pages = "913--918",
year = 2007,
}

@InProceedings{Ono,
title = "A Context-Aware Movie Preference Model Using a Bayesian Network for Recommendation and Promotion",
author = "Chihiro Ono and Mori Kurokawa and Yoichi Motomura and Hideki Asoh",
booktitle = "Proc. of UM 2007",
pages = "247--257",
year = 2007,
}

@InProceedings{Gopal,
title= "Von {M}ises-{F}isher {C}lustering {M}odels",
author= {Gopal, S. and Yang, Y.},
booktitle="ICML",
year=2014,
}

@Article{福重,
title = "対応分析とベイジアンネットワークを用いた文書分類",
author = "福重 貴雄 and 菅野 祐司",
journal = "情報処理学会研究報告情報学基礎",
number = 51,
pages = "167--174",
year = 2003,
}

% 修士論文
@Mastersthesis{MixtureVonMises,
title = "混合 von Mises-Fisher 分布に対する変分法的ベイズ推定",
author = "田邉昭博",
school = "奈良先端科学技術大学院大学",
year = 2004,
 }

% エントロピーや相互情報量についての論文
@PhDThesis{Meyer,
title = "Information-Theoretic Variable Selection and Network Inference from Microarray Data",
author =  "Patrick Emmanuel Meyer",
school = "Universite libre de Bruxelles",
year = 2008,
}

%webpage
@Misc{MovieLens,
author = ""
title = "{MovieLens}",
howpublished = {http://movielens.org/},
}

